% bibtex file for AHFinderDirect thorn guide
% $Header$

@article{AHFinderDirect/Diener03a,
        author  = {P. Diener},
        title   = {A New General Purpose Event Horizon Finder for {3D}
                   Numerical Spacetimes},
        journal = {Class. Quantum Grav.},
        volume  = 20,
        number  = 22,
        year    = 2003,
        pages   = {4901-4917},
        eprint  = {gr-qc/0305039},
	doi     = {10.1088/0264-9381/20/22/014},
	url     = {http://stacks.iop.org/0264-9381/20/4901},
}

@article{AHFinderDirect/Dreyer-etal-2002-isolated-horizons,
        author = "Olaf Dreyer and Badri Krishnan and Deirdre Shoemaker
                  and Erik Schnetter",
        title  = "Introduction to {Isolated} {Horizons} in {Numerical} {Relativity}",
        journal = "Phys. Rev. D",
        year   = 2003, volume = 67,
        pages = 024018,
        eprint = "gr-qc/0206008",
        }

@article{AHFinderDirect/Gundlach97a,
        key     = {Gundlach97a},
        author  = {Carsten Gundlach},
        title   = {Pseudo-spectral apparent horizon finders: An efficient new
                   algorithm},
        journal = {Phys. Rev. D},
        volume  = {57},
        year    = {1998},
        eprint  = {gr-qc/9707050},
        pages   = {863-875}
}

@Book{AHFinderDirect/Schroeder86,
  author    = {Manfred R. Schroeder},
  title     = {Number Theory in Science and Communication},
  edition   = {2nd enlarged},
  publisher = {Springer-Verlag},
  address   = {Berlin},
  year      = 1986,
  isbn      = {3-540-15800-6},
  X-note    = {Minkowski's definition of a Strahlk\"{o}rper
               is in section 7.9, page 108},
}

@unpublished{AHFinderDirect/Schnetter02a,
        author = {Erik Schnetter},
        title = "A fast apparent horizon algorithm",
        year = {2002},
        eprint = "gr-qc/0206003",
        note   = "gr-qc/0206003",
	snote  = "see \cite{Schnetter03a} for a substantially revised version",
}

@article{AHFinderDirect/Schnetter03a,
  author =       {Erik Schnetter},
  title =        {Finding Apparent Horizons and other Two-Surfaces of
                  Constant Expansion},
  journal =      {Class. Quantum Grav.},
  year =         2003,
  volume =       20,
  number =       22,
  pages =        {4719-4737},
  eprint =       {gr-qc/0306006},
  doi =          {10.1088/0264-9381/20/22/001},
  url =          {http://stacks.iop.org/0264-9381/20/4719},
}

@article{AHFinderDirect/Thornburg95,
  author = {Jonathan Thornburg},
  title = {Finding apparent horizons in numerical relativity},
  journal = {Phys. Rev. D},
  volume = 54,
  number = 8,
  year = {1996},
  month = {October 15},
  pages = {4899--4918},
  eprint = "gr-qc/9508014",
}

@article{AHFinderDirect/Thornburg2003:AH-finding,
        author = "Jonathan Thornburg",
        title  = "A Fast Apparent-Horizon Finder
                  for 3-Dimensional {C}artesian Grids in Numerical Relativity",
        journal = "Class. Quantum Grav.",
        volume = 21, number = 2,
        year   = "2004", month = "21 January",
        pages  = "743--766",
        doi    = "10.1088/0264-9381/21/2/026",
        url    = "http://stacks.iop.org/0264-9381/21/743",
        eprint = "gr-qc/0306056",
}

@Misc{AHFinderDirect/VisIt:web,
  key =          {VisIt},
  title =        {{VisIt} Visualization Tool},
  url =          {https://wci.llnl.gov/codes/visit/},
}

@Misc{AHFinderDirect/Xdmf:web,
  key =          {Xdmf},
  title =        {{Xdmf: eXtensible Data Model and Format}},
  url =          {http://xdmf.org/},
}

@incollection{AHFinderDirect/York89,
        key     = {York89},
        author  = {James W. York},
        title   = {Initial Data for Collisions of Black Holes and
                  Other Gravitational Miscellany},
        editor  = {C. Evans and L. Finn and D. Hobill},
        booktitle = {Frontiers in Numerical Relativity},
        publisher = {Cambridge University Press},
        address = {Cambridge, England},
        year    = 1989,
        pages   = {89-109},
	isbn    = {0-521-36666-6},
}
